<?xml version="1.0" encoding="utf-8"?>
<record xmlns="http://www.loc.gov/MARC21/slim" xmlns:xsi="http://www.w3.org/2001/XMLSchema-instance" xsi:schemaLocation="http://www.loc.gov/MARC21/slim http://www.loc.gov/standards/marcxml/schema/MARC21slim.xsd">
	<leader>     nam a22        4500</leader>
	<controlfield tag="001">b13812403</controlfield>
	<controlfield tag="003">UaCaAUL</controlfield>
	<controlfield tag="006">m        d        </controlfield>
	<controlfield tag="007">cr cn |||m|||a</controlfield>
	<controlfield tag="008">170907s1934    ua      o     000 0 ara d</controlfield>
	<datafield ind1=" " ind2=" " tag="040">
		<subfield code="a">NNU</subfield>
		<subfield code="b">eng</subfield>
		<subfield code="e">rda</subfield>
		<subfield code="c">NNU</subfield>
	</datafield>
	<datafield ind1=" " ind2=" " tag="066">
		<subfield code="c">(3</subfield>
	</datafield>
	<datafield ind1=" " ind2="4" tag="050">
		<subfield code="a">BP154</subfield>
		<subfield code="b">.T37x 1934</subfield>
	</datafield>
	<datafield ind1="0" ind2=" " tag="100">
		<subfield code="6">880-01</subfield>
		<subfield code="a">Suyūṭī,</subfield>
		<subfield code="d">1445-1505.</subfield>
	</datafield>
	<datafield ind1="1" ind2="0" tag="240">
		<subfield code="6">880-02</subfield>
		<subfield code="a">Tanwīr al-ḥawālik fī sharḥ Muwaṭṭaʼ al-Imām Mālik</subfield>
	</datafield>
	<datafield ind1="1" ind2="0" tag="245">
		<subfield code="6">880-03</subfield>
		<subfield code="a">Tanwīr al-ḥawālik :</subfield>
		<subfield code="b">sharḥ ʻalá Muwaṭṭaʼ Mālik /</subfield>
		<subfield code="c">taʼlīf al-imām Jalāl al-Dīn ʻAbd al-Raḥmān al-Suyūṭī al-Shāfiʻī raḥimahu Allāh taʻālá. Wa-yalīhi Kitāb Isʻāf al-mubaṭṭaʼ bi-rijāl al-Muwaṭṭaʼ / lil-Suyūṭī.</subfield>
	</datafield>
	<datafield ind1=" " ind2="1" tag="264">
		<subfield code="6">880-04</subfield>
		<subfield code="a">[Cairo], Miṣr :</subfield>
		<subfield code="b">Maṭbaʻat Muḥammad ʻAlī Ṣubayḥ wa-Awlāduh bi-Maydān al-Azʹhar bi-Miṣr,</subfield>
		<subfield code="c">1353 H [1934 M]</subfield>
	</datafield>
	<datafield ind1=" " ind2=" " tag="300">
		<subfield code="a">online resource (3 volumes in 1 (381, 244, 228 pages))</subfield>
	</datafield>
	<datafield ind1=" " ind2=" " tag="336">
		<subfield code="a">text</subfield>
		<subfield code="2">rdacontent</subfield>
	</datafield>
	<datafield ind1=" " ind2=" " tag="337">
		<subfield code="a">computer</subfield>
		<subfield code="2">rdamedia</subfield>
	</datafield>
	<datafield ind1=" " ind2=" " tag="338">
		<subfield code="a">online resource</subfield>
		<subfield code="2">rdacarrier</subfield>
	</datafield>
	<datafield ind1=" " ind2=" " tag="500">
		<subfield code="6">880-05</subfield>
		<subfield code="a">&quot;Wa-li-tamām al-nafʻ bi-hi waḍaʻnā matn al-Muwaṭṭaʼ mafṣūlan ʻalá al-sharḥ al-[ma]dhkūr mashkūlan shaklan tāmman bi-aʻlá kull ṣaḥīfah mafṣūlan baynahu wa-bayna al-sharḥ bi-jadwal.&quot;</subfield>
	</datafield>
	<datafield ind1=" " ind2=" " tag="500">
		<subfield code="a">Part of the Arabic Collections Online (ACO) project, contributed by American University in Cairo Library.</subfield>
	</datafield>
	<datafield ind1=" " ind2=" " tag="533">
		<subfield code="a">Electronic reproduction.</subfield>
		<subfield code="b">New York, N.Y. :</subfield>
		<subfield code="c">New York University,</subfield>
		<subfield code="d">2017.</subfield>
		<subfield code="5">NNU</subfield>
	</datafield>
	<datafield ind1="0" ind2="0" tag="600">
		<subfield code="a">Mālik ibn Anas,</subfield>
		<subfield code="d">-795.</subfield>
		<subfield code="t">Muwaṭṭaʼ.</subfield>
	</datafield>
	<datafield ind1=" " ind2="0" tag="650">
		<subfield code="a">Islamic law</subfield>
		<subfield code="v">Early works to 1800.</subfield>
	</datafield>
	<datafield ind1="0" ind2="7" tag="630">
		<subfield code="a">Muwaṭṭaʼ (Mālik ibn Anas)</subfield>
		<subfield code="2">fast</subfield>
		<subfield code="0">(OCoLC)fst01359323</subfield>
	</datafield>
	<datafield ind1=" " ind2="7" tag="650">
		<subfield code="a">Islamic law.</subfield>
		<subfield code="2">fast</subfield>
		<subfield code="0">(OCoLC)fst00979949</subfield>
	</datafield>
	<datafield ind1=" " ind2="7" tag="655">
		<subfield code="a">Early works.</subfield>
		<subfield code="2">fast</subfield>
		<subfield code="0">(OCoLC)fst01411636</subfield>
	</datafield>
	<datafield ind1="0" ind2="2" tag="700">
		<subfield code="6">880-06</subfield>
		<subfield code="a">Mālik ibn Anas,</subfield>
		<subfield code="d">-795.</subfield>
		<subfield code="t">Muwaṭṭaʼ.</subfield>
	</datafield>
	<datafield ind1="0" ind2="2" tag="700">
		<subfield code="6">880-07</subfield>
		<subfield code="a">Suyūṭī,</subfield>
		<subfield code="d">1445-1505.</subfield>
		<subfield code="t">Isʻāf al-mubaṭṭaʼ bi-rijāl al-Muwaṭṭaʼ.</subfield>
	</datafield>
	<datafield ind1="2" ind2=" " tag="710">
		<subfield code="a">American University in Cairo.</subfield>
		<subfield code="b">Library.</subfield>
	</datafield>
	<datafield ind1="0" ind2=" " tag="730">
		<subfield code="a">Arabic Collections Online.</subfield>
	</datafield>
	<datafield ind1="0" ind2="8" tag="776">
		<subfield code="i">Print version:</subfield>
		<subfield code="a">Suyūṭī, 1445-1505.</subfield>
		<subfield code="t">Tanwīr al-ḥawālik</subfield>
		<subfield code="w">(UaCaAUL)b13812403</subfield>
		<subfield code="w">(OCoLC)318946653</subfield>
	</datafield>
	<datafield ind1="4" ind2="0" tag="856">
		<subfield code="u">http://hdl.handle.net/2333.1/x95x6gzg</subfield>
	</datafield>
	<datafield ind1="0" ind2=" " tag="880">
		<subfield code="6">100-01/(3/r</subfield>
		<subfield code="a">سيوطي،</subfield>
		<subfield code="d">1445-1505.</subfield>
	</datafield>
	<datafield ind1="1" ind2="0" tag="880">
		<subfield code="6">240-02/(3/r</subfield>
		<subfield code="a">تنوير الحوالك في شرح موطأ الإمام مالك</subfield>
	</datafield>
	<datafield ind1="1" ind2="0" tag="880">
		<subfield code="6">245-03/(3/r</subfield>
		<subfield code="a">تنوير الحوالك :</subfield>
		<subfield code="b">شرح على موطأ مالك /</subfield>
		<subfield code="c">تأليف الإمام جلال الدين عبد الرحمن السيوطي الشافعي رحمه الله تعالى. ويليه كتاب إسعاف المبطأ برجال الموطأ / للسيوطى.</subfield>
	</datafield>
	<datafield ind1=" " ind2="1" tag="880">
		<subfield code="6">264-04/(3/r</subfield>
		<subfield code="a">[Cairo]، مصر :</subfield>
		<subfield code="b">مطبعة محمد علي صبيح وأولاده بميدان الأزهر بمصر،</subfield>
		<subfield code="c">1353 ه [1934 م]</subfield>
	</datafield>
	<datafield ind1=" " ind2=" " tag="880">
		<subfield code="6">500-05/(3/r</subfield>
		<subfield code="a">&quot;ولتمام النفع به وضعنا متن الموطأ مفصولا على الشرح المذكور مشكولا شكلا تاما بأعلى كل صحيفة مفصولا بينه وبين الشرح بجدول.&quot;</subfield>
	</datafield>
	<datafield ind1="0" ind2="2" tag="880">
		<subfield code="6">700-06/(3/r</subfield>
		<subfield code="a">مالك بن أنس.</subfield>
		<subfield code="d">-795.</subfield>
		<subfield code="t">موطأ.</subfield>
	</datafield>
	<datafield ind1="0" ind2="2" tag="880">
		<subfield code="6">700-07/(3/r</subfield>
		<subfield code="a">سيوطي.</subfield>
		<subfield code="d">1445-1505.</subfield>
		<subfield code="t">إسعاف المبطأ برجال الموطأ.</subfield>
	</datafield>
	<datafield ind1=" " ind2=" " tag="959">
		<subfield code="a">NNU</subfield>
		<subfield code="b">WEB</subfield>
		<subfield code="c">GENI</subfield>
		<subfield code="t">0</subfield>
		<subfield code="m">Electronic access</subfield>
		<subfield code="s">01</subfield>
	</datafield>
	<datafield ind1=" " ind2=" " tag="999">
		<subfield code="i">UaCaAUL_b13812403</subfield>
		<subfield code="o">(OCoLC)ocn318946653</subfield>
		<subfield code="s">auc_aco000140:3 v. in 1</subfield>
	</datafield>
</record>
